<collection xmlns='http://www.loc.gov/MARC21/slim' xmlns:xsi='http://www.w3.org/2001/XMLSchema-instance' xsi:schemaLocation='http://www.loc.gov/standards/marcxml/schema/MARC21slim.xsd'>
  <record xmlns="http://www.loc.gov/MARC21/slim">
    <leader>00000ntm a2200000Ia 4500</leader>
    <controlfield tag="001">on1114306526</controlfield>
    <controlfield tag="008">190828s1890    iq            000 0 ara d</controlfield>
    <datafield tag="040" ind1=" " ind2=" ">
      <subfield code="a">HVC</subfield>
      <subfield code="b">eng</subfield>
      <subfield code="e">amremm</subfield>
      <subfield code="c">HVC</subfield>
    </datafield>
    <datafield tag="035" ind1=" " ind2=" ">
      <subfield code="a">(PHC)9910189395855049</subfield>
    </datafield>
    <datafield tag="041" ind1="0" ind2=" ">
      <subfield code="a">ara</subfield>
      <subfield code="a">syr</subfield>
    </datafield>
    <datafield tag="099" ind1=" " ind2=" ">
      <subfield code="a">Rendel Harris 51</subfield>
    </datafield>
    <datafield tag="049" ind1=" " ind2=" ">
      <subfield code="a">HVCC</subfield>
    </datafield>
    <datafield tag="100" ind1="0" ind2=" ">
      <subfield code="6">880-01</subfield>
      <subfield code="a">Yāwsep ʻAzariyā bar Yoḥanān ʼOrú,</subfield>
      <subfield code="d">active 1877-1895.</subfield>
    </datafield>
    <datafield tag="245" ind1="1" ind2="0">
      <subfield code="6">880-02</subfield>
      <subfield code="a">Lahksíqon mkanšā da-mḥāwe ʻal mele ʻasqe d-ba-ktābā qadíšā w-ḥadḥdāne d-men ktābe d-malpāne.</subfield>
    </datafield>
    <datafield tag="260" ind1=" " ind2=" ">
      <subfield code="a">[Tel Keppe, Iraq],</subfield>
      <subfield code="c">1890.</subfield>
    </datafield>
    <datafield tag="300" ind1=" " ind2=" ">
      <subfield code="a">i, 127, i leaves :</subfield>
      <subfield code="b">paper ;</subfield>
      <subfield code="c">227 x 170 (180 x 130) mm bound to 235 x 170 mm.</subfield>
    </datafield>
    <datafield tag="336" ind1=" " ind2=" ">
      <subfield code="a">text</subfield>
      <subfield code="b">txt</subfield>
      <subfield code="2">rdacontent</subfield>
    </datafield>
    <datafield tag="337" ind1=" " ind2=" ">
      <subfield code="a">unmediated</subfield>
      <subfield code="b">n</subfield>
      <subfield code="2">rdamedia</subfield>
    </datafield>
    <datafield tag="338" ind1=" " ind2=" ">
      <subfield code="a">volume</subfield>
      <subfield code="b">nc</subfield>
      <subfield code="2">rdacarrier</subfield>
    </datafield>
    <datafield tag="340" ind1=" " ind2=" ">
      <subfield code="d">manuscript</subfield>
    </datafield>
    <datafield tag="500" ind1=" " ind2=" ">
      <subfield code="a">Manuscript codex.</subfield>
    </datafield>
    <datafield tag="520" ind1=" " ind2=" ">
      <subfield code="a">Autograph manuscript of names and complex Syriac terms from the Bible and important theological works, explained in Arabic Garshuni. The colophon mentions intra-Christian conflicts in Tel Keppe in 1879, when the first part of the book was being written and also mentions that 1889-90 was an unusually cold winter.</subfield>
    </datafield>
    <datafield tag="546" ind1=" " ind2=" ">
      <subfield code="a">Arabic Garshuni and Syriac; East Syriac.</subfield>
    </datafield>
    <datafield tag="500" ind1=" " ind2=" ">
      <subfield code="a">Title from f. 2v and 109r.</subfield>
    </datafield>
    <datafield tag="500" ind1=" " ind2=" ">
      <subfield code="a">Foliation: Modern foliation in pencil added, upper left recto; catchwords each verso, lower left.</subfield>
    </datafield>
    <datafield tag="500" ind1=" " ind2=" ">
      <subfield code="a">Layout: 22 lines in two columns; ruled with a misṭarah and pencil.</subfield>
    </datafield>
    <datafield tag="500" ind1=" " ind2=" ">
      <subfield code="a">Script: Written in Syriac and Arabic Garshuni; East Syriac.</subfield>
    </datafield>
    <datafield tag="500" ind1=" " ind2=" ">
      <subfield code="a">Decoration: Rubrications in red; red and black dots mark the ends of each line; some overlining in black.</subfield>
    </datafield>
    <datafield tag="500" ind1=" " ind2=" ">
      <subfield code="a">Binding: Bright red leather over pulpboard; blind tooled frame and crossing diagonal sets of three lines; endbands in blue and purple thread.</subfield>
    </datafield>
    <datafield tag="500" ind1=" " ind2=" ">
      <subfield code="a">Origin: Copy completed by Yāwsep ʻAzariyā bar Yoḥanān ʼOrú, schoolteacher, on 11 January 1890, in Tel Keppe, Iraq (f. 109r-109v).</subfield>
    </datafield>
    <datafield tag="500" ind1=" " ind2=" ">
      <subfield code="a">Syriac cataloging assistance provided by Joshua Mugler.</subfield>
    </datafield>
    <datafield tag="524" ind1=" " ind2=" ">
      <subfield code="a">Haverford College, Quaker &amp; Special Collections mss. RH 51</subfield>
    </datafield>
    <datafield tag="561" ind1="1" ind2=" ">
      <subfield code="a">Formerly owned by J. Rendel Harris.</subfield>
    </datafield>
    <datafield tag="630" ind1="0" ind2="0">
      <subfield code="a">Bible</subfield>
      <subfield code="v">Handbooks, manuals, etc.</subfield>
    </datafield>
    <datafield tag="650" ind1=" " ind2="0">
      <subfield code="a">Syriac language</subfield>
      <subfield code="v">Glossaries, vocabularies, etc.</subfield>
    </datafield>
    <datafield tag="655" ind1=" " ind2="7">
      <subfield code="a">Manuscripts (documents)</subfield>
      <subfield code="2">aat</subfield>
    </datafield>
    <datafield tag="655" ind1=" " ind2="7">
      <subfield code="a">Codices (bound manuscripts)</subfield>
      <subfield code="2">aat</subfield>
    </datafield>
    <datafield tag="655" ind1=" " ind2="7">
      <subfield code="a">Autographs (manuscripts)</subfield>
      <subfield code="2">aat</subfield>
    </datafield>
	<datafield tag="655" ind1=" " ind2="7">
      <subfield code="a">Notes (documents)</subfield>
      <subfield code="2">aat</subfield>
    </datafield>
    <datafield tag="655" ind1=" " ind2="0">
      <subfield code="a">Manuscripts, Arabic.</subfield>
    </datafield>
    <datafield tag="655" ind1=" " ind2="0">
      <subfield code="a">Manuscripts, Syriac.</subfield>
    </datafield>
    <datafield tag="655" ind1=" " ind2="0">
      <subfield code="a">Manuscripts, 19th century.</subfield>
    </datafield>
    <datafield tag="700" ind1="0" ind2=" ">
      <subfield code="6">880-03</subfield>
      <subfield code="a">Yāwsep ʻAzariyā bar Yoḥanān ʼOrú,</subfield>
      <subfield code="d">active 1877-1895,</subfield>
      <subfield code="e">scribe.</subfield>
    </datafield>
    <datafield tag="700" ind1="1" ind2=" ">
      <subfield code="a">Harris, J. Rendel</subfield>
      <subfield code="q">(James Rendel),</subfield>
      <subfield code="d">1852-1941,</subfield>
      <subfield code="e">former owner.</subfield>
    </datafield>
    <datafield tag="710" ind1="2" ind2=" ">
      <subfield code="a">J. Rendel Harris Collection (Quaker &amp; Special Collections, Haverford College).</subfield>
      <subfield code="5">PHC</subfield>
    </datafield>
    <datafield tag="752" ind1=" " ind2=" ">
      <subfield code="a">Iraq</subfield>
      <subfield code="d">Tel Keppe</subfield>
    </datafield>
    <datafield tag="856" ind1="4" ind2="1">
      <subfield code="z">Digital facsimile in OPenn</subfield>
      <subfield code="u">http://openn.library.upenn.edu/Data/0006/html/harris_051.html</subfield>
    </datafield>
    <datafield tag="852" ind1=" " ind2=" ">
      <subfield code="b">Haverford College, Quaker &amp; Special Collections, Rendel Harris</subfield>
      <subfield code="e">Haverford</subfield>
      <subfield code="u">https://www.haverford.edu/library</subfield>
    </datafield>
    <datafield tag="880" ind1="0" ind2=" ">
      <subfield code="6">100-01/r/(3/r</subfield>
      <subfield code="a">ܝܘܣܦ ܥܙܪܝܐ ܒܪ ܝܘܚܢܢ ܐܘܪܘ ،</subfield>
      <subfield code="d">active 1877-1895.</subfield>
    </datafield>
    <datafield tag="880" ind1="1" ind2="0">
      <subfield code="6">245-02/r</subfield>
      <subfield code="a">ܠܗܟܣܝܩܘܢ ܡܟܢܫܐ ܕܡܚܘܐ ܥܠ ܡ̈ܠܐ ܥܣܩ̈ܐ ܕܒܟܬܒܐ ܩܕܝܫܐ ܘܚܕܚ̈ܕܢܐ ܡܢ ܟܬܒ̈ܐ ܕܡܠܦܢ̈ܐ.</subfield>
    </datafield>
    <datafield tag="880" ind1="0" ind2=" ">
      <subfield code="6">700-03/r/(3/r</subfield>
      <subfield code="a">ܝܘܣܦ ܥܙܪܝܐ ܒܪ ܝܘܚܢܢ ܐܘܪܘ ،</subfield>
      <subfield code="d">active 1877-1895,</subfield>
      <subfield code="e">scribe.</subfield>
    </datafield>
    <datafield tag="066" ind1=" " ind2=" ">
      <subfield code="c">Syrc</subfield>
      <subfield code="c">(3</subfield>
    </datafield>
  </record></collection>